2025-06-04 19:39:40 - INFO - binanceWebsocket.py - websocket_binance_event_listener | Connecting to wss://fstream.binance.com/ws/DndREUA3om8Iyv6JkmEIgannQ5aQRoxVthslmYKyceJDT6DWqhrgqOQWwmbGOAZn
2025-06-04 19:39:42 - INFO - binanceWebsocket.py - websocket_binance_event_listener | ✅ Connected to Binance event listening websocket
2025-06-04 19:39:53 - INFO - main.py - main | 🔴 Awaiting next event in queue from Binance event websocket...
2025-06-04 19:39:53 - INFO - main.py - main | 😱 Received new Binance event! Event: {'e': 'TRADE_LITE', 'E': 1749037193041, 'T': 1749037193041, 's': 'SOLUSDT', 'q': '0.09', 'p': '0.0000', 'm': False, 'c': 'ClD16CoalXO5MNiesfBFwn', 'S': 'BUY', 'L': '156.0000', 'l': '0.09', 't': 2369849946, 'i': 121112086493}
2025-06-04 19:39:53 - INFO - main.py - main | 🔴 Awaiting next event in queue from Binance event websocket...
2025-06-04 19:39:53 - INFO - main.py - main | 😱 Received new Binance event! Event: {'e': 'ORDER_TRADE_UPDATE', 'T': 1749037193041, 'E': 1749037193041, 'o': {'s': 'SOLUSDT', 'c': 'ClD16CoalXO5MNiesfBFwn', 'S': 'BUY', 'o': 'MARKET', 'f': 'GTC', 'q': '0.09', 'p': '0', 'ap': '0', 'sp': '0', 'x': 'NEW', 'X': 'NEW', 'i': 121112086493, 'l': '0', 'z': '0', 'L': '0', 'n': '0', 'N': 'USDT', 'T': 1749037193041, 't': 0, 'b': '0', 'a': '0', 'm': False, 'R': False, 'wt': 'CONTRACT_PRICE', 'ot': 'MARKET', 'ps': 'BOTH', 'cp': False, 'rp': '0', 'pP': False, 'si': 0, 'ss': 0, 'V': 'EXPIRE_MAKER', 'pm': 'NONE', 'gtd': 0}}
2025-06-04 19:39:53 - INFO - main.py - main | 🔴 Awaiting next event in queue from Binance event websocket...
2025-06-04 19:39:53 - INFO - main.py - main | 😱 Received new Binance event! Event: {'e': 'ACCOUNT_UPDATE', 'T': 1749037193041, 'E': 1749037193041, 'a': {'B': [{'a': 'USDT', 'wb': '0.15014945', 'cw': '0.15014945', 'bc': '0'}], 'P': [{'s': 'SOLUSDT', 'pa': '0.09', 'ep': '156', 'cr': '0.32410003', 'up': '0.00004507', 'mt': 'cross', 'iw': '0', 'ps': 'BOTH', 'ma': 'USDT', 'bep': '156.078'}], 'm': 'ORDER'}}
2025-06-04 19:39:53 - INFO - main.py - main | 🔴 Awaiting next event in queue from Binance event websocket...
2025-06-04 19:39:53 - INFO - main.py - main | 😱 Received new Binance event! Event: {'e': 'ORDER_TRADE_UPDATE', 'T': 1749037193041, 'E': 1749037193041, 'o': {'s': 'SOLUSDT', 'c': 'ClD16CoalXO5MNiesfBFwn', 'S': 'BUY', 'o': 'MARKET', 'f': 'GTC', 'q': '0.09', 'p': '0', 'ap': '156', 'sp': '0', 'x': 'TRADE', 'X': 'FILLED', 'i': 121112086493, 'l': '0.09', 'z': '0.09', 'L': '156', 'n': '0.00702', 'N': 'USDT', 'T': 1749037193041, 't': 2369849946, 'b': '0', 'a': '0', 'm': False, 'R': False, 'wt': 'CONTRACT_PRICE', 'ot': 'MARKET', 'ps': 'BOTH', 'cp': False, 'rp': '0', 'pP': False, 'si': 0, 'ss': 0, 'V': 'EXPIRE_MAKER', 'pm': 'NONE', 'gtd': 0}}
2025-06-04 19:40:42 - INFO - main.py - main | 🔴 Awaiting next event in queue from Binance event websocket...
2025-06-04 19:40:42 - INFO - main.py - main | 😱 Received new Binance event! Event: {'e': 'ORDER_TRADE_UPDATE', 'T': 1749037242198, 'E': 1749037242198, 'o': {'s': 'SOLUSDT', 'c': 'g4MptWkQzp3uWetiZUUUJj', 'S': 'SELL', 'o': 'TAKE_PROFIT', 'f': 'GTC', 'q': '0.09', 'p': '155.97', 'ap': '0', 'sp': '155.99', 'x': 'NEW', 'X': 'NEW', 'i': 121112161969, 'l': '0', 'z': '0', 'L': '0', 'n': '0', 'N': 'USDT', 'T': 1749037242198, 't': 0, 'b': '0', 'a': '0', 'm': False, 'R': False, 'wt': 'CONTRACT_PRICE', 'ot': 'TAKE_PROFIT', 'ps': 'BOTH', 'cp': False, 'rp': '0', 'pP': False, 'si': 0, 'ss': 0, 'V': 'EXPIRE_MAKER', 'pm': 'NONE', 'gtd': 0}}
2025-06-04 19:44:31 - INFO - main.py - main | 🔴 Awaiting next event in queue from Binance event websocket...
2025-06-04 19:44:31 - INFO - main.py - main | 😱 Received new Binance event! Event: {'e': 'ORDER_TRADE_UPDATE', 'T': 1749037471697, 'E': 1749037471697, 'o': {'s': 'SOLUSDT', 'c': 'yLnj0FPCHLvMOMmr0LpukC', 'S': 'SELL', 'o': 'STOP_MARKET', 'f': 'GTC', 'q': '0', 'p': '0', 'ap': '0', 'sp': '155.7', 'x': 'NEW', 'X': 'NEW', 'i': 121112646034, 'l': '0', 'z': '0', 'L': '0', 'n': '0', 'N': 'USDT', 'T': 1749037471697, 't': 0, 'b': '0', 'a': '0', 'm': False, 'R': True, 'wt': 'CONTRACT_PRICE', 'ot': 'STOP_MARKET', 'ps': 'BOTH', 'cp': True, 'rp': '0', 'pP': False, 'si': 0, 'ss': 0, 'V': 'EXPIRE_MAKER', 'pm': 'NONE', 'gtd': 0}}
2025-06-04 19:45:42 - INFO - main.py - main | 🔴 Awaiting next event in queue from Binance event websocket...
2025-06-04 19:45:42 - INFO - main.py - main | 😱 Received new Binance event! Event: {'e': 'ORDER_TRADE_UPDATE', 'T': 1749037542410, 'E': 1749037542410, 'o': {'s': 'SOLUSDT', 'c': 'g4MptWkQzp3uWetiZUUUJj', 'S': 'SELL', 'o': 'TAKE_PROFIT', 'f': 'GTC', 'q': '0.09', 'p': '155.97', 'ap': '0', 'sp': '155.99', 'x': 'CANCELED', 'X': 'CANCELED', 'i': 121112161969, 'l': '0', 'z': '0', 'L': '0', 'n': '0', 'N': 'USDT', 'T': 1749037542410, 't': 0, 'b': '0', 'a': '0', 'm': False, 'R': False, 'wt': 'CONTRACT_PRICE', 'ot': 'TAKE_PROFIT', 'ps': 'BOTH', 'cp': False, 'rp': '0', 'pP': False, 'si': 0, 'ss': 0, 'V': 'EXPIRE_MAKER', 'pm': 'NONE', 'gtd': 0}}
2025-06-04 19:46:46 - INFO - main.py - main | 🔴 Awaiting next event in queue from Binance event websocket...
2025-06-04 19:46:46 - INFO - main.py - main | 😱 Received new Binance event! Event: {'e': 'ORDER_TRADE_UPDATE', 'T': 1749037606604, 'E': 1749037606604, 'o': {'s': 'SOLUSDT', 'c': 'kDlazdwiNVT0YCVfdnku5e', 'S': 'SELL', 'o': 'TAKE_PROFIT', 'f': 'GTC', 'q': '0.09', 'p': '156.12', 'ap': '0', 'sp': '156.14', 'x': 'NEW', 'X': 'NEW', 'i': 121112926062, 'l': '0', 'z': '0', 'L': '0', 'n': '0', 'N': 'USDT', 'T': 1749037606604, 't': 0, 'b': '0', 'a': '0', 'm': False, 'R': False, 'wt': 'CONTRACT_PRICE', 'ot': 'TAKE_PROFIT', 'ps': 'BOTH', 'cp': False, 'rp': '0', 'pP': False, 'si': 0, 'ss': 0, 'V': 'EXPIRE_MAKER', 'pm': 'NONE', 'gtd': 0}}
2025-06-04 19:47:14 - INFO - main.py - main | 🔴 Awaiting next event in queue from Binance event websocket...
2025-06-04 19:47:14 - INFO - main.py - main | 😱 Received new Binance event! Event: {'e': 'ORDER_TRADE_UPDATE', 'T': 1749037633995, 'E': 1749037633996, 'o': {'s': 'SOLUSDT', 'c': 'kDlazdwiNVT0YCVfdnku5e', 'S': 'SELL', 'o': 'TAKE_PROFIT', 'f': 'GTC', 'q': '0.09', 'p': '156.12', 'ap': '0', 'sp': '156.14', 'x': 'CANCELED', 'X': 'CANCELED', 'i': 121112926062, 'l': '0', 'z': '0', 'L': '0', 'n': '0', 'N': 'USDT', 'T': 1749037633995, 't': 0, 'b': '0', 'a': '0', 'm': False, 'R': False, 'wt': 'CONTRACT_PRICE', 'ot': 'TAKE_PROFIT', 'ps': 'BOTH', 'cp': False, 'rp': '0', 'pP': False, 'si': 0, 'ss': 0, 'V': 'EXPIRE_MAKER', 'pm': 'NONE', 'gtd': 0}}
2025-06-04 19:47:34 - INFO - main.py - main | 🔴 Awaiting next event in queue from Binance event websocket...
2025-06-04 19:47:34 - INFO - main.py - main | 😱 Received new Binance event! Event: {'e': 'ORDER_TRADE_UPDATE', 'T': 1749037654866, 'E': 1749037654866, 'o': {'s': 'SOLUSDT', 'c': 'is1xLHwqi0DtVF3IPTGYKS', 'S': 'SELL', 'o': 'TAKE_PROFIT', 'f': 'GTC', 'q': '0.09', 'p': '156.08', 'ap': '0', 'sp': '156.1', 'x': 'NEW', 'X': 'NEW', 'i': 121113028066, 'l': '0', 'z': '0', 'L': '0', 'n': '0', 'N': 'USDT', 'T': 1749037654866, 't': 0, 'b': '0', 'a': '0', 'm': False, 'R': False, 'wt': 'CONTRACT_PRICE', 'ot': 'TAKE_PROFIT', 'ps': 'BOTH', 'cp': False, 'rp': '0', 'pP': False, 'si': 0, 'ss': 0, 'V': 'EXPIRE_MAKER', 'pm': 'NONE', 'gtd': 0}}
2025-06-04 19:47:40 - INFO - main.py - main | 🔴 Awaiting next event in queue from Binance event websocket...
2025-06-04 19:47:40 - INFO - main.py - main | 😱 Received new Binance event! Event: {'e': 'ORDER_TRADE_UPDATE', 'T': 1749037660064, 'E': 1749037660064, 'o': {'s': 'SOLUSDT', 'c': 'is1xLHwqi0DtVF3IPTGYKS', 'S': 'SELL', 'o': 'TAKE_PROFIT', 'f': 'GTC', 'q': '0.09', 'p': '156.08', 'ap': '0', 'sp': '156.1', 'x': 'EXPIRED', 'X': 'EXPIRED', 'i': 121113028066, 'l': '0', 'z': '0', 'L': '0', 'n': '0', 'N': 'USDT', 'T': 1749037660064, 't': 0, 'b': '0', 'a': '0', 'm': False, 'R': False, 'wt': 'CONTRACT_PRICE', 'ot': 'TAKE_PROFIT', 'ps': 'BOTH', 'cp': False, 'rp': '0', 'pP': False, 'si': 0, 'ss': 0, 'V': 'EXPIRE_MAKER', 'pm': 'NONE', 'gtd': 0}}
2025-06-04 19:47:40 - INFO - main.py - main | 🔴 Awaiting next event in queue from Binance event websocket...
2025-06-04 19:47:40 - INFO - main.py - main | 😱 Received new Binance event! Event: {'e': 'TRADE_LITE', 'E': 1749037660067, 'T': 1749037660067, 's': 'SOLUSDT', 'q': '0.09', 'p': '156.0800', 'm': False, 'c': 'is1xLHwqi0DtVF3IPTGYKS', 'S': 'SELL', 'L': '156.0900', 'l': '0.09', 't': 2369857805, 'i': 121113028066}
2025-06-04 19:47:40 - INFO - main.py - main | 🔴 Awaiting next event in queue from Binance event websocket...
2025-06-04 19:47:40 - INFO - main.py - main | 😱 Received new Binance event! Event: {'e': 'ORDER_TRADE_UPDATE', 'T': 1749037660067, 'E': 1749037660067, 'o': {'s': 'SOLUSDT', 'c': 'is1xLHwqi0DtVF3IPTGYKS', 'S': 'SELL', 'o': 'LIMIT', 'f': 'GTC', 'q': '0.09', 'p': '156.08', 'ap': '0', 'sp': '156.1', 'x': 'NEW', 'X': 'NEW', 'i': 121113028066, 'l': '0', 'z': '0', 'L': '0', 'n': '0', 'N': 'USDT', 'T': 1749037660067, 't': 0, 'b': '0', 'a': '14.063049', 'm': False, 'R': False, 'wt': 'CONTRACT_PRICE', 'ot': 'TAKE_PROFIT', 'ps': 'BOTH', 'cp': False, 'rp': '0', 'pP': False, 'si': 0, 'ss': 0, 'V': 'EXPIRE_MAKER', 'pm': 'NONE', 'gtd': 0}}
2025-06-04 19:47:40 - INFO - main.py - main | 🔴 Awaiting next event in queue from Binance event websocket...
2025-06-04 19:47:40 - INFO - main.py - main | 😱 Received new Binance event! Event: {'e': 'ACCOUNT_UPDATE', 'T': 1749037660067, 'E': 1749037660067, 'a': {'B': [{'a': 'USDT', 'wb': '0.1512254', 'cw': '0.1512254', 'bc': '0'}], 'P': [{'s': 'SOLUSDT', 'pa': '0', 'ep': '0', 'cr': '0.33220003', 'up': '0', 'mt': 'cross', 'iw': '0', 'ps': 'BOTH', 'ma': 'USDT', 'bep': '0'}], 'm': 'ORDER'}}
2025-06-04 19:47:40 - INFO - main.py - main | 🔴 Awaiting next event in queue from Binance event websocket...
2025-06-04 19:47:40 - INFO - main.py - main | 😱 Received new Binance event! Event: {'e': 'ORDER_TRADE_UPDATE', 'T': 1749037660067, 'E': 1749037660067, 'o': {'s': 'SOLUSDT', 'c': 'is1xLHwqi0DtVF3IPTGYKS', 'S': 'SELL', 'o': 'LIMIT', 'f': 'GTC', 'q': '0.09', 'p': '156.08', 'ap': '156.09', 'sp': '156.1', 'x': 'TRADE', 'X': 'FILLED', 'i': 121113028066, 'l': '0.09', 'z': '0.09', 'L': '156.09', 'n': '0.00702405', 'N': 'USDT', 'T': 1749037660067, 't': 2369857805, 'b': '0', 'a': '0', 'm': False, 'R': False, 'wt': 'CONTRACT_PRICE', 'ot': 'TAKE_PROFIT', 'ps': 'BOTH', 'cp': False, 'rp': '0.0081', 'pP': False, 'si': 0, 'ss': 0, 'V': 'EXPIRE_MAKER', 'pm': 'NONE', 'gtd': 0}}
2025-06-04 19:53:28 - INFO - binanceWebsocket.py - websocket_binance_event_listener | 🔌 Binance event websocket closed: sent 1011 (internal error) keepalive ping timeout; no close frame received. Reconnecting...
2025-06-04 19:53:30 - INFO - binanceWebsocket.py - websocket_binance_event_listener | ✅ Connected to Binance event listening websocket
2025-06-04 20:03:17 - INFO - main.py - main | 🔴 Awaiting next event in queue from Binance event websocket...
2025-06-04 20:03:17 - INFO - main.py - main | 😱 Received new Binance event! Event: {'e': 'TRADE_LITE', 'E': 1749038597494, 'T': 1749038597494, 's': 'SOLUSDT', 'q': '0.09', 'p': '0.0000', 'm': False, 'c': '3KcIgZKoULiyfSEB6aSPxW', 'S': 'BUY', 'L': '156.0600', 'l': '0.09', 't': 2369875560, 'i': 121115271927}
2025-06-04 20:03:17 - INFO - main.py - main | 🔴 Awaiting next event in queue from Binance event websocket...
2025-06-04 20:03:17 - INFO - main.py - main | 😱 Received new Binance event! Event: {'e': 'ORDER_TRADE_UPDATE', 'T': 1749038597494, 'E': 1749038597494, 'o': {'s': 'SOLUSDT', 'c': '3KcIgZKoULiyfSEB6aSPxW', 'S': 'BUY', 'o': 'MARKET', 'f': 'GTC', 'q': '0.09', 'p': '0', 'ap': '0', 'sp': '0', 'x': 'NEW', 'X': 'NEW', 'i': 121115271927, 'l': '0', 'z': '0', 'L': '0', 'n': '0', 'N': 'USDT', 'T': 1749038597494, 't': 0, 'b': '0', 'a': '0', 'm': False, 'R': False, 'wt': 'CONTRACT_PRICE', 'ot': 'MARKET', 'ps': 'BOTH', 'cp': False, 'rp': '0', 'pP': False, 'si': 0, 'ss': 0, 'V': 'EXPIRE_MAKER', 'pm': 'NONE', 'gtd': 0}}
2025-06-04 20:03:17 - INFO - main.py - main | 🔴 Awaiting next event in queue from Binance event websocket...
2025-06-04 20:03:17 - INFO - main.py - main | 😱 Received new Binance event! Event: {'e': 'ACCOUNT_UPDATE', 'T': 1749038597494, 'E': 1749038597494, 'a': {'B': [{'a': 'USDT', 'wb': '0.1442027', 'cw': '0.1442027', 'bc': '0'}], 'P': [{'s': 'SOLUSDT', 'pa': '0.09', 'ep': '156.06', 'cr': '0.33220003', 'up': '-0.0027', 'mt': 'cross', 'iw': '0', 'ps': 'BOTH', 'ma': 'USDT', 'bep': '156.13803'}], 'm': 'ORDER'}}
2025-06-04 20:03:17 - INFO - main.py - main | 🔴 Awaiting next event in queue from Binance event websocket...
2025-06-04 20:03:17 - INFO - main.py - main | 😱 Received new Binance event! Event: {'e': 'ORDER_TRADE_UPDATE', 'T': 1749038597494, 'E': 1749038597494, 'o': {'s': 'SOLUSDT', 'c': '3KcIgZKoULiyfSEB6aSPxW', 'S': 'BUY', 'o': 'MARKET', 'f': 'GTC', 'q': '0.09', 'p': '0', 'ap': '156.06', 'sp': '0', 'x': 'TRADE', 'X': 'FILLED', 'i': 121115271927, 'l': '0.09', 'z': '0.09', 'L': '156.06', 'n': '0.0070227', 'N': 'USDT', 'T': 1749038597494, 't': 2369875560, 'b': '0', 'a': '0', 'm': False, 'R': False, 'wt': 'CONTRACT_PRICE', 'ot': 'MARKET', 'ps': 'BOTH', 'cp': False, 'rp': '0', 'pP': False, 'si': 0, 'ss': 0, 'V': 'EXPIRE_MAKER', 'pm': 'NONE', 'gtd': 0}}
2025-06-04 20:04:03 - INFO - main.py - main | 🔴 Awaiting next event in queue from Binance event websocket...
2025-06-04 20:04:03 - INFO - main.py - main | 😱 Received new Binance event! Event: {'e': 'ORDER_TRADE_UPDATE', 'T': 1749038643419, 'E': 1749038643419, 'o': {'s': 'SOLUSDT', 'c': 'qRRneXOyliSbrp2vUOewTT', 'S': 'SELL', 'o': 'STOP_MARKET', 'f': 'GTC', 'q': '0', 'p': '0', 'ap': '0', 'sp': '156.03', 'x': 'NEW', 'X': 'NEW', 'i': 121115420724, 'l': '0', 'z': '0', 'L': '0', 'n': '0', 'N': 'USDT', 'T': 1749038643419, 't': 0, 'b': '0', 'a': '0', 'm': False, 'R': True, 'wt': 'CONTRACT_PRICE', 'ot': 'STOP_MARKET', 'ps': 'BOTH', 'cp': True, 'rp': '0', 'pP': False, 'si': 0, 'ss': 0, 'V': 'EXPIRE_MAKER', 'pm': 'NONE', 'gtd': 0}}
2025-06-04 20:04:20 - INFO - main.py - main | 🔴 Awaiting next event in queue from Binance event websocket...
2025-06-04 20:04:20 - INFO - main.py - main | 😱 Received new Binance event! Event: {'e': 'ORDER_TRADE_UPDATE', 'T': 1749038660660, 'E': 1749038660661, 'o': {'s': 'SOLUSDT', 'c': 'yLnj0FPCHLvMOMmr0LpukC', 'S': 'SELL', 'o': 'STOP_MARKET', 'f': 'GTC', 'q': '0', 'p': '0', 'ap': '0', 'sp': '155.7', 'x': 'CANCELED', 'X': 'CANCELED', 'i': 121112646034, 'l': '0', 'z': '0', 'L': '0', 'n': '0', 'N': 'USDT', 'T': 1749038660660, 't': 0, 'b': '0', 'a': '0', 'm': False, 'R': True, 'wt': 'CONTRACT_PRICE', 'ot': 'STOP_MARKET', 'ps': 'BOTH', 'cp': True, 'rp': '0', 'pP': False, 'si': 0, 'ss': 0, 'V': 'EXPIRE_MAKER', 'pm': 'NONE', 'gtd': 0}}
2025-06-04 20:04:21 - INFO - main.py - main | 🔴 Awaiting next event in queue from Binance event websocket...
2025-06-04 20:04:21 - INFO - main.py - main | 😱 Received new Binance event! Event: {'e': 'ORDER_TRADE_UPDATE', 'T': 1749038661437, 'E': 1749038661437, 'o': {'s': 'SOLUSDT', 'c': 'qRRneXOyliSbrp2vUOewTT', 'S': 'SELL', 'o': 'STOP_MARKET', 'f': 'GTC', 'q': '0', 'p': '0', 'ap': '0', 'sp': '156.03', 'x': 'CANCELED', 'X': 'CANCELED', 'i': 121115420724, 'l': '0', 'z': '0', 'L': '0', 'n': '0', 'N': 'USDT', 'T': 1749038661437, 't': 0, 'b': '0', 'a': '0', 'm': False, 'R': True, 'wt': 'CONTRACT_PRICE', 'ot': 'STOP_MARKET', 'ps': 'BOTH', 'cp': True, 'rp': '0', 'pP': False, 'si': 0, 'ss': 0, 'V': 'EXPIRE_MAKER', 'pm': 'NONE', 'gtd': 0}}
2025-06-04 20:04:33 - INFO - main.py - main | 🔴 Awaiting next event in queue from Binance event websocket...
2025-06-04 20:04:33 - INFO - main.py - main | 😱 Received new Binance event! Event: {'e': 'ORDER_TRADE_UPDATE', 'T': 1749038673831, 'E': 1749038673831, 'o': {'s': 'SOLUSDT', 'c': 'tqVRnLsGP6x4WheRlViuJd', 'S': 'SELL', 'o': 'STOP_MARKET', 'f': 'GTC', 'q': '0', 'p': '0', 'ap': '0', 'sp': '156.02', 'x': 'NEW', 'X': 'NEW', 'i': 121115517313, 'l': '0', 'z': '0', 'L': '0', 'n': '0', 'N': 'USDT', 'T': 1749038673831, 't': 0, 'b': '0', 'a': '0', 'm': False, 'R': True, 'wt': 'CONTRACT_PRICE', 'ot': 'STOP_MARKET', 'ps': 'BOTH', 'cp': True, 'rp': '0', 'pP': False, 'si': 0, 'ss': 0, 'V': 'EXPIRE_MAKER', 'pm': 'NONE', 'gtd': 0}}
2025-06-04 20:04:34 - INFO - main.py - main | 🔴 Awaiting next event in queue from Binance event websocket...
2025-06-04 20:04:34 - INFO - main.py - main | 😱 Received new Binance event! Event: {'e': 'ORDER_TRADE_UPDATE', 'T': 1749038674245, 'E': 1749038674245, 'o': {'s': 'SOLUSDT', 'c': 'tqVRnLsGP6x4WheRlViuJd', 'S': 'SELL', 'o': 'STOP_MARKET', 'f': 'GTC', 'q': '0', 'p': '0', 'ap': '0', 'sp': '156.02', 'x': 'EXPIRED', 'X': 'EXPIRED', 'i': 121115517313, 'l': '0', 'z': '0', 'L': '0', 'n': '0', 'N': 'USDT', 'T': 1749038674245, 't': 0, 'b': '0', 'a': '0', 'm': False, 'R': True, 'wt': 'CONTRACT_PRICE', 'ot': 'STOP_MARKET', 'ps': 'BOTH', 'cp': True, 'rp': '0', 'pP': False, 'si': 0, 'ss': 0, 'V': 'EXPIRE_MAKER', 'pm': 'NONE', 'gtd': 0}}
2025-06-04 20:04:34 - INFO - main.py - main | 🔴 Awaiting next event in queue from Binance event websocket...
2025-06-04 20:04:34 - INFO - main.py - main | 😱 Received new Binance event! Event: {'e': 'TRADE_LITE', 'E': 1749038674248, 'T': 1749038674248, 's': 'SOLUSDT', 'q': '0.09', 'p': '0.0000', 'm': False, 'c': 'tqVRnLsGP6x4WheRlViuJd', 'S': 'SELL', 'L': '156.0200', 'l': '0.09', 't': 2369877422, 'i': 121115517313}
2025-06-04 20:04:34 - INFO - main.py - main | 🔴 Awaiting next event in queue from Binance event websocket...
2025-06-04 20:04:34 - INFO - main.py - main | 😱 Received new Binance event! Event: {'e': 'ORDER_TRADE_UPDATE', 'T': 1749038674248, 'E': 1749038674248, 'o': {'s': 'SOLUSDT', 'c': 'tqVRnLsGP6x4WheRlViuJd', 'S': 'SELL', 'o': 'MARKET', 'f': 'GTC', 'q': '0.09', 'p': '0', 'ap': '0', 'sp': '156.02', 'x': 'NEW', 'X': 'NEW', 'i': 121115517313, 'l': '0', 'z': '0', 'L': '0', 'n': '0', 'N': 'USDT', 'T': 1749038674248, 't': 0, 'b': '0', 'a': '0', 'm': False, 'R': True, 'wt': 'CONTRACT_PRICE', 'ot': 'STOP_MARKET', 'ps': 'BOTH', 'cp': True, 'rp': '0', 'pP': False, 'si': 0, 'ss': 0, 'V': 'EXPIRE_MAKER', 'pm': 'NONE', 'gtd': 0}}
2025-06-04 20:04:34 - INFO - main.py - main | 🔴 Awaiting next event in queue from Binance event websocket...
2025-06-04 20:04:34 - INFO - main.py - main | 😱 Received new Binance event! Event: {'e': 'ACCOUNT_UPDATE', 'T': 1749038674248, 'E': 1749038674248, 'a': {'B': [{'a': 'USDT', 'wb': '0.13358181', 'cw': '0.13358181', 'bc': '0'}], 'P': [{'s': 'SOLUSDT', 'pa': '0', 'ep': '0', 'cr': '0.32860004', 'up': '0', 'mt': 'cross', 'iw': '0', 'ps': 'BOTH', 'ma': 'USDT', 'bep': '0'}], 'm': 'ORDER'}}
2025-06-04 20:04:34 - INFO - main.py - main | 🔴 Awaiting next event in queue from Binance event websocket...
2025-06-04 20:04:34 - INFO - main.py - main | 😱 Received new Binance event! Event: {'e': 'ORDER_TRADE_UPDATE', 'T': 1749038674248, 'E': 1749038674248, 'o': {'s': 'SOLUSDT', 'c': 'tqVRnLsGP6x4WheRlViuJd', 'S': 'SELL', 'o': 'MARKET', 'f': 'GTC', 'q': '0.09', 'p': '0', 'ap': '156.02', 'sp': '156.02', 'x': 'TRADE', 'X': 'FILLED', 'i': 121115517313, 'l': '0.09', 'z': '0.09', 'L': '156.02', 'n': '0.0070209', 'N': 'USDT', 'T': 1749038674248, 't': 2369877422, 'b': '0', 'a': '0', 'm': False, 'R': True, 'wt': 'CONTRACT_PRICE', 'ot': 'STOP_MARKET', 'ps': 'BOTH', 'cp': True, 'rp': '-0.00359999', 'pP': False, 'si': 0, 'ss': 0, 'V': 'EXPIRE_MAKER', 'pm': 'NONE', 'gtd': 0}}
2025-06-04 20:06:36 - ERROR - base_events.py - default_exception_handler | Task was destroyed but it is pending!
task: <Task cancelling name='Task-2' coro=<websocket_binance_event_listener() running at /Users/guoleibing/p/binance_event_listener/src/services/binanceWebsocket.py:27> wait_for=<Future pending cb=[shield.<locals>._outer_done_callback() at /Users/guoleibing/miniconda3/envs/tradingbot/lib/python3.13/asyncio/tasks.py:975, Task.task_wakeup()]> cb=[gather.<locals>._done_callback() at /Users/guoleibing/miniconda3/envs/tradingbot/lib/python3.13/asyncio/tasks.py:820]>
2025-06-04 20:10:49 - INFO - binanceWebsocket.py - websocket_binance_event_listener | Connecting to wss://fstream.binance.com/ws/DndREUA3om8Iyv6JkmEIgannQ5aQRoxVthslmYKyceJDT6DWqhrgqOQWwmbGOAZn
2025-06-04 20:10:50 - INFO - binanceWebsocket.py - websocket_binance_event_listener | ✅ Connected to Binance event listening websocket
2025-06-04 20:10:55 - INFO - main.py - main | 🔴 Awaiting next event in queue from Binance event websocket...
2025-06-04 20:10:55 - INFO - main.py - main | 😱 Received new Binance event! Event: {'e': 'ORDER_TRADE_UPDATE', 'T': 1749039055325, 'E': 1749039055326, 'o': {'s': 'SOLUSDT', 'c': '105', 'S': 'SELL', 'o': 'STOP_MARKET', 'f': 'GTC', 'q': '0', 'p': '0', 'ap': '0', 'sp': '156.02', 'x': 'NEW', 'X': 'NEW', 'i': 121116224379, 'l': '0', 'z': '0', 'L': '0', 'n': '0', 'N': 'USDT', 'T': 1749039055325, 't': 0, 'b': '0', 'a': '0', 'm': False, 'R': True, 'wt': 'CONTRACT_PRICE', 'ot': 'STOP_MARKET', 'ps': 'BOTH', 'cp': True, 'rp': '0', 'pP': False, 'si': 0, 'ss': 0, 'V': 'EXPIRE_MAKER', 'pm': 'NONE', 'gtd': 0}}
2025-06-04 20:15:03 - INFO - main.py - main | 🔴 Awaiting next event in queue from Binance event websocket...
2025-06-04 20:15:03 - INFO - main.py - main | 😱 Received new Binance event! Event: {'e': 'ORDER_TRADE_UPDATE', 'T': 1749039303477, 'E': 1749039303477, 'o': {'s': 'SOLUSDT', 'c': '105', 'S': 'SELL', 'o': 'STOP_MARKET', 'f': 'GTC', 'q': '0', 'p': '0', 'ap': '0', 'sp': '156.02', 'x': 'EXPIRED', 'X': 'EXPIRED', 'i': 121116224379, 'l': '0', 'z': '0', 'L': '0', 'n': '0', 'N': 'USDT', 'T': 1749039303477, 't': 0, 'b': '0', 'a': '0', 'm': False, 'R': True, 'wt': 'CONTRACT_PRICE', 'ot': 'STOP_MARKET', 'ps': 'BOTH', 'cp': True, 'rp': '0', 'pP': False, 'si': 0, 'ss': 0, 'V': 'EXPIRE_MAKER', 'pm': 'NONE', 'gtd': 0}}
2025-06-04 20:27:22 - ERROR - base_events.py - default_exception_handler | Task was destroyed but it is pending!
task: <Task cancelling name='Task-2' coro=<websocket_binance_event_listener() running at /Users/guoleibing/p/binance_event_listener/src/services/binanceWebsocket.py:27> wait_for=<Future pending cb=[shield.<locals>._outer_done_callback() at /Users/guoleibing/miniconda3/envs/tradingbot/lib/python3.13/asyncio/tasks.py:975, Task.task_wakeup()]> cb=[gather.<locals>._done_callback() at /Users/guoleibing/miniconda3/envs/tradingbot/lib/python3.13/asyncio/tasks.py:820]>
2025-06-04 20:28:46 - INFO - binanceWebsocket.py - websocket_binance_event_listener | Connecting to wss://fstream.binance.com/ws/DndREUA3om8Iyv6JkmEIgannQ5aQRoxVthslmYKyceJDT6DWqhrgqOQWwmbGOAZn
2025-06-04 20:28:47 - INFO - binanceWebsocket.py - websocket_binance_event_listener | ✅ Connected to Binance event listening websocket
2025-06-04 20:29:10 - INFO - main.py - main | 🔴 Awaiting next event in queue from Binance event websocket...
2025-06-04 20:29:10 - INFO - main.py - main | 😱 Received new Binance event! Event: {'e': 'ORDER_TRADE_UPDATE', 'T': 1749040150753, 'E': 1749040150754, 'o': {'s': 'SOLUSDT', 'c': '105', 'S': 'SELL', 'o': 'STOP_MARKET', 'f': 'GTC', 'q': '0', 'p': '0', 'ap': '0', 'sp': '153.02', 'x': 'NEW', 'X': 'NEW', 'i': 121118866514, 'l': '0', 'z': '0', 'L': '0', 'n': '0', 'N': 'USDT', 'T': 1749040150753, 't': 0, 'b': '0', 'a': '0', 'm': False, 'R': True, 'wt': 'CONTRACT_PRICE', 'ot': 'STOP_MARKET', 'ps': 'BOTH', 'cp': True, 'rp': '0', 'pP': False, 'si': 0, 'ss': 0, 'V': 'EXPIRE_MAKER', 'pm': 'NONE', 'gtd': 0}}
2025-06-04 20:29:21 - ERROR - base_events.py - default_exception_handler | Task was destroyed but it is pending!
task: <Task cancelling name='Task-2' coro=<websocket_binance_event_listener() running at /Users/guoleibing/p/binance_event_listener/src/services/binanceWebsocket.py:27> wait_for=<Future pending cb=[shield.<locals>._outer_done_callback() at /Users/guoleibing/miniconda3/envs/tradingbot/lib/python3.13/asyncio/tasks.py:975, Task.task_wakeup()]> cb=[gather.<locals>._done_callback() at /Users/guoleibing/miniconda3/envs/tradingbot/lib/python3.13/asyncio/tasks.py:820]>
